<record xmlns="http://www.loc.gov/MARC21/slim" xmlns:xsi="http://www.w3.org/2001/XMLSchema-instance" xsi:schemaLocation="http://www.loc.gov/MARC21/slim http://www.loc.gov/standards/marcxml/schema/MARC21slim.xsd"><leader>     nam a22        4500</leader><controlfield tag="001">001696937</controlfield><controlfield tag="003">NNU</controlfield><controlfield tag="006">m        d        </controlfield><controlfield tag="007">cr cn |||m|||a</controlfield><controlfield tag="008">150313s1952    ua      ob    000 0bara d</controlfield><datafield ind1=" " ind2=" " tag="040"><subfield code="a">NNU</subfield><subfield code="b">eng</subfield><subfield code="c">NNU</subfield></datafield><datafield ind1=" " ind2=" " tag="066"><subfield code="c">(3</subfield></datafield><datafield ind1=" " ind2=" " tag="090"><subfield code="a">BP80.I37</subfield><subfield code="b">.A25</subfield></datafield><datafield ind1="1" ind2=" " tag="100"><subfield code="6">880-01</subfield><subfield code="a">Ab&#363; Zahrah, Mu&#7717;ammad</subfield></datafield><datafield ind1="1" ind2="0" tag="245"><subfield code="6">880-02</subfield><subfield code="a">Ibn Taym&#299;yah</subfield><subfield code="h">[electronic resource] :</subfield><subfield code="b">&#7717;ay&#257;tuhu wa-&#699;a&#7779;ruh, &#257;r&#257;&#700;uhu wa-fiqhuh /</subfield><subfield code="c">Mu&#7717;ammad Ab&#363; Zahrah.</subfield></datafield><datafield ind1=" " ind2=" " tag="250"><subfield code="6">880-03</subfield><subfield code="a">al-&#7788;ab&#699;ah 1.</subfield></datafield><datafield ind1=" " ind2=" " tag="260"><subfield code="6">880-04</subfield><subfield code="a">[al-Qahirah] :</subfield><subfield code="b">D&#257;r al-Fikr al-&#699;Arab&#299;,</subfield><subfield code="c">1952.</subfield></datafield><datafield ind1=" " ind2=" " tag="300"><subfield code="a">online resource (543 p.)</subfield></datafield><datafield ind1=" " ind2=" " tag="500"><subfield code="a">"Kutub Ibn Taym&#299;yah": p.510-524.</subfield></datafield><datafield ind1=" " ind2=" " tag="500"><subfield code="a">Part of the Arabic Collections Online (ACO) project, contributed by New York Univeristy Libraries.</subfield></datafield><datafield ind1=" " ind2=" " tag="504"><subfield code="a">Bibliographical footnotes.</subfield></datafield><datafield ind1=" " ind2=" " tag="533"><subfield code="a">Electronic reproduction.</subfield><subfield code="b">New York, N.Y. :</subfield><subfield code="c">New York University,</subfield><subfield code="d">2015.</subfield><subfield code="5">NNU</subfield></datafield><datafield ind1="1" ind2="0" tag="600"><subfield code="a">Ibn Taym&#299;yah, A&#7717;mad ibn &#699;Abd al-&#7716;al&#299;m,</subfield><subfield code="d">1263-1328.</subfield></datafield><datafield ind1="2" ind2=" " tag="710"><subfield code="a">New York University.</subfield><subfield code="b">Libraries.</subfield></datafield><datafield ind1="0" ind2=" " tag="730"><subfield code="a">Arabic Collections Online.</subfield></datafield><datafield ind1="0" ind2="8" tag="776"><subfield code="i">Print version:</subfield><subfield code="a">Ab&#363; Zahrah, Mu&#7717;ammad 880-01</subfield><subfield code="t">Ibn Taym&#299;yah</subfield><subfield code="w">(NNU)001696937</subfield><subfield code="w">(DLC)ne 62001034</subfield></datafield><datafield ind1="4" ind2="0" tag="856"><subfield code="u">http://hdl.handle.net/2333.1/9p8czc7t</subfield></datafield><datafield ind1="1" ind2=" " tag="880"><subfield code="6">100-01/</subfield><subfield code="a">&#1571;&#1576;&#1608; &#1586;&#1607;&#1585;&#1577;&#1548; &#1605;&#1581;&#1605;&#1583;.</subfield></datafield><datafield ind1="1" ind2="0" tag="880"><subfield code="6">245-02/</subfield><subfield code="a">&#1575;&#1576;&#1606; &#1578;&#1610;&#1605;&#1610;&#1577; :</subfield><subfield code="b">&#1581;&#1610;&#1575;&#1578;&#1607; &#1608;&#1593;&#1589;&#1585;&#1607;&#1548; &#1570;&#1585;&#1575;&#1572;&#1607; &#1608;&#1601;&#1602;&#1607;&#1607; /</subfield><subfield code="c">&#1605;&#1581;&#1605;&#1583; &#1571;&#1576;&#1608; &#1586;&#1607;&#1585;&#1577;.</subfield></datafield><datafield ind1=" " ind2=" " tag="880"><subfield code="6">250-03/</subfield><subfield code="a">&#1575;&#1604;&#1591;&#1576;&#1593;&#1577; 1.</subfield></datafield><datafield ind1=" " ind2=" " tag="880"><subfield code="6">260-04/</subfield><subfield code="a">[&#1575;&#1604;&#1602;&#1575;&#1607;&#1585;&#1577;] :</subfield><subfield code="b">&#1583;&#1575;&#1585; &#1575;&#1604;&#1601;&#1603;&#1585; &#1575;&#1604;&#1593;&#1585;&#1576;&#1610;&#1548;</subfield><subfield code="c">&#1633;&#1641;&#1637;&#1634;.</subfield></datafield><datafield ind1=" " ind2=" " tag="959"><subfield code="a">NNU</subfield><subfield code="b">WEB</subfield><subfield code="c">GENI</subfield><subfield code="t">0</subfield><subfield code="m">Electronic access</subfield><subfield code="s">01</subfield></datafield><datafield ind1=" " ind2=" " tag="999"><subfield code="i">NNU_001696937</subfield><subfield code="s">nyu_aco000632</subfield></datafield></record>